<collection xmlns="http://www.loc.gov/MARC21/slim">
<record>
  <leader>01080nam0a22002531i 450 </leader>
  <controlfield tag="001">IT\ICCU\CNCE\057921</controlfield>
  <controlfield tag="005">20110207000000.0</controlfield>
  <datafield tag="012" ind1=" " ind2=" ">
    <subfield code="a">o.i, aito a.ta a:e, (C) 1595 (R)</subfield>
    <subfield code="2">fei</subfield>
  </datafield>
  <datafield tag="100" ind1=" " ind2=" ">
    <subfield code="a">20040503d1595        0itac0103    ba</subfield>
  </datafield>
  <datafield tag="101" ind1=" " ind2=" ">
    <subfield code="a">ITA</subfield>
  </datafield>
  <datafield tag="102" ind1=" " ind2=" ">
    <subfield code="a">IT</subfield>
  </datafield>
  <datafield tag="200" ind1="1" ind2=" ">
    <subfield code="a">Epitalamii di Saluatore Massonio. Nelle nozze de gl&apos;illustrissimi signori il signor Giulio Cesare Caracciolo, &amp; la signora donna Cornelia Vrsina</subfield>
  </datafield>
  <datafield tag="210" ind1=" " ind2=" ">
    <subfield code="a">Nell&apos;Aquila</subfield>
    <subfield code="c">appresso Lepido Facij</subfield>
    <subfield code="d">1595</subfield>
  </datafield>
  <datafield tag="215" ind1=" " ind2=" ">
    <subfield code="a">\4! c.</subfield>
    <subfield code="d">4ʻ</subfield>
  </datafield>
  <datafield tag="620" ind1=" " ind2=" ">
    <subfield code="a">IT</subfield>
    <subfield code="d">L&apos;Aquila</subfield>
  </datafield>
  <datafield tag="700" ind1=" " ind2="1">
    <subfield code="a">Massonio,</subfield>
    <subfield code="b">Salvatore</subfield>
    <subfield code="3">IT\ICCU\CNCA\010085</subfield>
  </datafield>
  <datafield tag="712" ind1="0" ind2="0">
    <subfield code="a">Faci, Lepido</subfield>
    <subfield code="3">IT\ICCU\CNCT\000100</subfield>
    <subfield code="4">650</subfield>
  </datafield>
  <datafield tag="790" ind1=" " ind2="1">
    <subfield code="a">Mausonio,</subfield>
    <subfield code="b">Salvatore</subfield>
    <subfield code="3">IT\ICCU\CNCA\020781</subfield>
    <subfield code="z">Massonio, Salvatore</subfield>
  </datafield>
  <datafield tag="790" ind1=" " ind2="0">
    <subfield code="a">Avviluppato</subfield>
    <subfield code="3">IT\ICCU\CNCA\020782</subfield>
    <subfield code="z">Massonio, Salvatore</subfield>
  </datafield>
  <datafield tag="791" ind1="0" ind2="0">
    <subfield code="a">Facius, Lepido</subfield>
    <subfield code="3">IT\ICCU\CNCT\005095</subfield>
    <subfield code="z">Faci, Lepido</subfield>
  </datafield>
  <datafield tag="791" ind1="0" ind2="0">
    <subfield code="a">Facio, Lepido</subfield>
    <subfield code="3">IT\ICCU\CNCT\005096</subfield>
    <subfield code="z">Faci, Lepido</subfield>
  </datafield>
  <datafield tag="801" ind1=" " ind2="3">
    <subfield code="a">IT</subfield>
    <subfield code="b">ICCU</subfield>
    <subfield code="c">20201115</subfield>
  </datafield>
  <datafield tag="899" ind1=" " ind2=" ">
    <subfield code="a">Biblioteca provinciale Salvatore Tommasi. Bazzano</subfield>
    <subfield code="1">AQ0047</subfield>
    <subfield code="2">ABR PR</subfield>
  </datafield>
  <datafield tag="899" ind1=" " ind2=" ">
    <subfield code="a">Biblioteca Vallicelliana. Roma</subfield>
    <subfield code="1">RM0281</subfield>
    <subfield code="2">RML 08</subfield>
  </datafield>
</record>
</collection>
